<record><leader>00000cas a2200000La 4500</leader><controlfield tag="001">173889866</controlfield><controlfield tag="007">hd afu---buuu</controlfield><controlfield tag="008">910826d18771878njumr neb     0    0eng d</controlfield><controlfield tag="009">728</controlfield><datafield ind1=" " ind2=" " tag="010"><subfield code="a">sn 91064027 </subfield></datafield><datafield ind1=" " ind2=" " tag="040"><subfield code="a">NJW</subfield><subfield code="c">NJR</subfield></datafield><datafield ind1="0" ind2=" " tag="130"><subfield code="a">Little patriot (Smith's Landing, N.J.)</subfield></datafield><datafield ind1="1" ind2="4" tag="245"><subfield code="a">The little patriot</subfield><subfield code="h">[microform].</subfield></datafield><datafield ind1=" " ind2=" " tag="260"><subfield code="a">Smith's Landing, N.J. :</subfield><subfield code="b">D.L. Risley &amp; Bros.</subfield></datafield><datafield ind1=" " ind2=" " tag="300"><subfield code="a">v.</subfield></datafield><datafield ind1=" " ind2=" " tag="310"><subfield code="a">Monthly</subfield></datafield><datafield ind1="0" ind2=" " tag="362"><subfield code="a">Vol. 1, no. 1 (Jan. 1877)-</subfield></datafield><datafield ind1="1" ind2=" " tag="362"><subfield code="a">Ceased in 1878.</subfield></datafield><datafield ind1=" " ind2=" " tag="533"><subfield code="a">Microfilm.</subfield><subfield code="b">Trenton, N.J. :</subfield><subfield code="c">New Jersey Newspaper Project,</subfield><subfield code="d">19uu.</subfield><subfield code="e">1 microfilm reel ; 35 mm.</subfield><subfield code="n">Filmed with: Everybody's companion.</subfield></datafield><datafield ind1=" " ind2="0" tag="651"><subfield code="a">Smith's Landing (N.J.)</subfield><subfield code="v">Newspapers.</subfield></datafield><datafield ind1=" " ind2=" " tag="752"><subfield code="a">United States</subfield><subfield code="b">New Jersey</subfield><subfield code="c">Atlantic</subfield><subfield code="d">Smith's Landing.</subfield></datafield><datafield ind1="0" ind2="0" tag="785"><subfield code="t">Everybody's companion</subfield><subfield code="w">(DLC)sn 91064028</subfield><subfield code="w">(OCoLC)24291185</subfield></datafield></record>